@Book{oxfordai,
    publisher = {Oxford University Press},
    author = {{Oxford University Press}},
    editor = {James Murray},
    title = {{Oxford English Dictionary}},
    year = {2018},
    month = {12},
}
@article{Hevner2004,
  author       = {Hevner, Alan R. and March, Salvatore T. and Park, Jinsoo and Ram, Sudha},
  title        = {Design Science in Information Systems Research},
  journal      = {MIS Quarterly},
  volume       = {28},
  number       = {1},
  pages        = {75--105},
  year         = {2004},
  doi          = {10.2307/25148625},
}

@article{article,
author = {Labuza, Theodore and Labuza, Peter},
year = {2004},
month = {12},
pages = {274 - 287},
title = {Influence of temperature and relative humidity on the physical states of cotton candy},
volume = {28},
journal = {Journal of Food Processing and Preservation},
doi = {10.1111/j.1745-4549.2004.24041.x}
}

